<?xml version="1.0" encoding="UTF-8"?><collection xmlns="http://www.loc.gov/MARC21/slim"><record><leader>00341nam--2200133-i-4500</leader><controlfield tag="001">000021024</controlfield><controlfield tag="002">20161230</controlfield><controlfield tag="005">20161230201034</controlfield><controlfield tag="008">060222s1000------------r-----000-0-eng-d</controlfield><datafield ind1=" " ind2=" " tag="080"><subfield code="a">681.7(043)</subfield></datafield><datafield ind1=" " ind2=" " tag="100"><subfield code="a">Voorma, Harm-jan</subfield></datafield><datafield ind1=" " ind2=" " tag="245"><subfield code="a">Mo/si multilayer optics for micro-litography</subfield></datafield><datafield ind1=" " ind2=" " tag="260"><subfield code="a">Delft, Universiteit, 1997. 125 P</subfield></datafield><datafield ind1=" " ind2=" " tag="852"><subfield code="a">80989</subfield></datafield></record></collection>